@ONLINE {japa1,
    author = "The New York Times",
    title  = "The Fifth Generation Project in Japan",
    month  = "jun",
    year   = "1992",
    url    = "https://www.sjsu.edu/faculty/watkins/5thgen.htm",
    note   = {Acessado: mar. 2021}
}

@ONLINE {SimpleLogical,
    author = "Peter Flach",
    title  = "Simply Logical",
    month  = "abr",
    year   = "1994",
    url    = "https://book.simply-logical.space/",
    note   = {Acessado: mar. 2021}
}

@ONLINE {SimpleLogical1,
    author = "Jonas Kalola Kahumba",
    title  = "OS PARADIGMAS DAS LINGUAGENS DE PROGRAMAÇÃO DA QUINTA GERAÇÃO (5 G)",
    month  = "set",
    year   = "2019",
    url    = "https://www.webartigos.com/artigos/os-paradigmas-das-linguagens-de-programacao-da-quinta-geracao-5-g/163558",
    note   = {Acessado: mar. 2021}
}


%https://pt.wikipedia.org/wiki/Prolog
%https://www.geeksforgeeks.org/prolog-an-introduction/
%https://pt.wikipedia.org/wiki/Cl%C3%A1usula_de_Horn
%1. Simply Logical by Peter Flach
%https://pt.wikipedia.org/wiki/SWI-Prolog
%https://www.swi-prolog.org/
%https://www.webartigos.com/artigos/os-paradigmas-das-linguagens-de-programacao-da-quinta-geracao-5-g/163558